<?xml version="1.0" encoding="UTF-8"?><collection xmlns="http://www.loc.gov/MARC21/slim"><record><leader>00472nam--2200145-i-4500</leader><controlfield tag="001">000003556</controlfield><controlfield tag="002">20161230</controlfield><controlfield tag="005">20170210115955</controlfield><controlfield tag="008">060222s1000------------r-----000-0-eng-d</controlfield><datafield ind1=" " ind2=" " tag="100"><subfield code="a">Denes, I</subfield></datafield><datafield ind1=" " ind2=" " tag="245"><subfield code="a">Despre mobilitatea atomilor de hidrogen ai grupelor metil din derivatii 2-metil- benzoxazolului si 2 metil-benztiazolului</subfield></datafield><datafield ind1=" " ind2=" " tag="260"><subfield code="a">/Bucuresti</subfield><subfield code="b">Ed.Academiei R.P.R</subfield><subfield code="c">1955</subfield></datafield><datafield ind1=" " ind2=" " tag="300"><subfield code="a">68/-71/p</subfield></datafield><datafield ind1=" " ind2=" " tag="852"><subfield code="a">547.78:541.27:541.27:547.78</subfield></datafield><datafield ind1=" " ind2=" " tag="CAT"><subfield code="a">SYS</subfield><subfield code="c">20170210</subfield><subfield code="h">115955</subfield></datafield></record></collection>